<?xml version="1.0" encoding="UTF-8"?>
<collection xmlns:xsi="http://www.w3.org/2001/XMLSchema-instance" xsi:schemaLocation="http://www.loc.gov/MARC21/slim http://www.loc.gov/standards/marcxml/schema/MARC21slim.xsd" xmlns="http://www.loc.gov/MARC21/slim">
<record>
  <leader>01250cam a22002531  4500</leader>
  <controlfield tag="001">3080549</controlfield>
  <controlfield tag="003">NNC</controlfield>
  <controlfield tag="005">20150920222923.0</controlfield>
  <controlfield tag="008">010907s1904    ua            000 0 ara d</controlfield>
  <datafield tag="035" ind1=" " ind2=" ">
    <subfield code="a">(OCoLC)ocm47924311</subfield>
  </datafield>
  <datafield tag="035" ind1=" " ind2=" ">
    <subfield code="9">ATQ5678CU</subfield>
  </datafield>
  <datafield tag="035" ind1=" " ind2=" ">
    <subfield code="a">(NNC)3080549</subfield>
  </datafield>
  <datafield tag="040" ind1=" " ind2=" ">
    <subfield code="a">ZCU</subfield>
    <subfield code="c">ZCU</subfield>
  </datafield>
  <datafield tag="099" ind1=" " ind2=" ">
    <subfield code="a">893.791</subfield>
    <subfield code="a">Ub1</subfield>
  </datafield>
  <datafield tag="100" ind1="1" ind2=" ">
    <subfield code="a">Maḥbūbī, ʻUbayd Allāh ibn Masʻūd,</subfield>
    <subfield code="d">-1346 or 1347.</subfield>
  </datafield>
  <datafield tag="245" ind1="1" ind2="0">
    <subfield code="a">Sharḥ al-Tawḍīḥ ʻalāʹ al-Tanqīḥ,</subfield>
    <subfield code="b">li-Ṣadr al-Sharīʻah ʻUbayd Allāh ibn Masʻūd; wa-ʻalayhi, al-Talwīḥ, lil-imām Saʻd al-Dīn al-Taftāzānī; wa-Ḥāsḥiyat al-Fanarī ʻalāʹ al-Talwīh;</subfield>
    <subfield code="c">wa-Ḥāshiyat Mullā Khusrau [al-Ṭarasūsī], wa, ʻAbd-al-Ḥakīm [al-Siyālkūtī], ʻalayhi aydan.</subfield>
  </datafield>
  <datafield tag="260" ind1=" " ind2=" ">
    <subfield code="a">Miṣr al-Qāhirah,</subfield>
    <subfield code="b">al-Maṭb. al-Khayrīyah,</subfield>
    <subfield code="c">1322 h. [1904 m.]</subfield>
  </datafield>
  <datafield tag="300" ind1=" " ind2=" ">
    <subfield code="a">3 v.</subfield>
  </datafield>
  <datafield tag="600" ind1="1" ind2="0">
    <subfield code="a">Maḥbūbī, ʻUbayd Allāh ibn Masʻūd,</subfield>
    <subfield code="d">-1346 or 1347.</subfield>
    <subfield code="t">Tanqīḥ al-uṣūl.</subfield>
  </datafield>
  <datafield tag="600" ind1="1" ind2="0">
    <subfield code="a">Taftāzānī, Masʻūd ibn ʻUmar,</subfield>
    <subfield code="d">1322-1389?</subfield>
    <subfield code="t">Talwīḥ ʻalā al-Tawḍīḥ.</subfield>
  </datafield>
  <datafield tag="650" ind1=" " ind2="0">
    <subfield code="a">Hanafites</subfield>
    <subfield code="v">Early works to 1800.</subfield>
  </datafield>
  <datafield tag="650" ind1=" " ind2="0">
    <subfield code="a">Shafiites</subfield>
    <subfield code="v">Early works to 1800.</subfield>
  </datafield>
  <datafield tag="650" ind1=" " ind2="0">
    <subfield code="a">Islamic law</subfield>
    <subfield code="x">Interpretation and construction</subfield>
    <subfield code="v">Early works to 1800.</subfield>
  </datafield>
  <datafield tag="955" ind1=" " ind2=" ">
    <subfield code="b">0061885614</subfield>
    <subfield code="d">glx</subfield>
    <subfield code="e">893.791 Ub1</subfield>
    <subfield code="v">v.2</subfield>
  </datafield>
</record>
</collection>